ISA*00*          *00*          *ZZ*133052274      *ZZ*53640448       *221019*0953*U*00401*208409680*0*P*:~GS*HP*133052274*53640448*20221019*0953*208409680*X*004010X091A1~ST*835*000000001~BPR*I*2158.12*C*ACH*CCP*01*044115126*DA*01669508612C*1341858379**01*111000614*DA*413981452*20221021~TRN*1*1055365088*1341858379~DTM*405*20221018~N1*PR*WELLMED MEDICAL MANAGEMENT INC.~N3*P.O. BOX 30508~N4*SALT LAKE CITY*UT*84130~REF*2U*TH023~PER*CX*EDI SUPPORT TEAM*FX*4408355656*TE*4408353511~N1*PE*DFW SKIN SURGERY CENTER*XX*1972880433~N3*1115 W RANDOL MILL RD*STE 200~N4*ARLINGTON*TX*76012~REF*TJ*453640448~LX*1~CLP*12152-415007*1*87*35.83*20*16*221011242838*11~NM1*QC*1*LAWRENCE*RICHARD H***JR*MI*8562140~NM1*82*2*ALEXANDER BERLIN*****FI*453640448~REF*BB*58379~DTM*232*20221007~DTM*050*20221011~PER*CX**TE*8005507691~AMT*AU*55.83~SVC*HC:99212*87*35.83**1**0~DTM*472*20221007~CAS*CO*45*30.44*1~CAS*OA*253*0.73*1~CAS*PR*3*20*1~REF*6R*283958091761556001~AMT*B6*56.56~CLP*11610-415402*1*87*35.83*20*16*221011242868*11~NM1*QC*1*BARTOS*BARRY W****MI*0499200~NM1*82*2*ALEXANDER BERLIN*****FI*453640448~REF*BB*58379~DTM*232*20221010~DTM*050*20221011~PER*CX**TE*8005507691~AMT*AU*55.83~SVC*HC:99212*87*35.83**1**0~DTM*472*20221010~CAS*CO*45*30.44*1~CAS*OA*253*0.73*1~CAS*PR*3*20*1~REF*6R*283958091754556001~AMT*B6*56.56~CLP*12292-415250*1*1005*646.04*20*16*221011246143*11~NM1*QC*1*GREEN*ALA F****MI*9057236~NM1*82*2*ALEXANDER BERLIN*****FI*453640448~REF*BB*58379~DTM*232*20221010~DTM*050*20221011~PER*CX**TE*8005507691~AMT*AU*666.04~SVC*HC:17311*1005*646.04**1**0~DTM*472*20221010~CAS*CO*45*325.78*1~CAS*OA*253*13.18*1~CAS*PR*3*20*1~REF*6R*283958091404556001~AMT*B6*679.22~CLP*885-415016*1*118.5*69.54*20*16*221011248199*11~NM1*QC*1*COUCH*ELAINE****MI*0355082~NM1*82*2*ALEXANDER BERLIN*****FI*453640448~REF*BB*58379~DTM*232*20221007~DTM*050*20221011~PER*CX**TE*8005507691~AMT*AU*89.54~SVC*HC:99213*118.5*69.54**1**0~DTM*472*20221007~CAS*CO*45*27.54*1~CAS*OA*253*1.42*1~CAS*PR*3*20*1~REF*6R*283958091764556001~AMT*B6*90.96~CLP*12262-415286*1*1492.5*800.97*20*16*221011250224*11~NM1*QC*1*GRIMES*EDDIE E****MI*4815228~NM1*82*2*ALEXANDER BERLIN*****FI*453640448~REF*BB*58379~DTM*232*20221010~DTM*050*20221011~PER*CX**TE*8005507691~AMT*AU*820.97~SVC*HC:17311:79*1005*665.64**1**0~DTM*472*20221010~CAS*CO*45*325.78*1~CAS*OA*253*13.58*1~REF*6R*283958091407556001~AMT*B6*679.22~SVC*HC:12042:79*487.5*135.33**1**0~DTM*472*20221010~CAS*CO*45*329.41*1~CAS*OA*253*2.76*1~CAS*PR*3*20*1~REF*6R*283958091407556002~AMT*B6*158.09~CLP*11188-415146*1*87*35.83*20*16*221011252885*11~NM1*QC*1*DUDLEY*DANIEL L****MI*0740413~NM1*82*2*ALEXANDER BERLIN*****FI*453640448~REF*BB*58379~DTM*232*20221007~DTM*050*20221011~PER*CX**TE*8005507691~AMT*AU*55.83~SVC*HC:99212*87*35.83**1**0~DTM*472*20221007~CAS*CO*45*30.44*1~CAS*OA*253*0.73*1~CAS*PR*3*20*1~REF*6R*283958091775556001~AMT*B6*56.56~CLP*3294-415119*1*118.5*69.54*20*16*221011253533*11~NM1*QC*1*ADAMS*IMOGENE G****MI*7911976~NM1*82*2*ALEXANDER BERLIN*****FI*453640448~REF*BB*58379~DTM*232*20221007~DTM*050*20221011~PER*CX**TE*8005507691~AMT*AU*89.54~SVC*HC:99213*118.5*69.54**1**0~DTM*472*20221007~CAS*CO*45*27.54*1~CAS*OA*253*1.42*1~CAS*PR*3*20*1~REF*6R*283958091770556001~AMT*B6*90.96~CLP*6168-414993*1*592.5*324.67*20*16*221011255771*11~NM1*QC*1*HOLLAND*JOHNETTE S****MI*1422310~NM1*82*2*ALEXANDER BERLIN*****FI*453640448~REF*BB*58379~DTM*232*20221007~DTM*050*20221011~PER*CX**TE*8005507691~AMT*AU*344.67~SVC*HC:99213:25*142.5*69.54**1**0~DTM*472*20221007~CAS*CO*45*51.54*1~CAS*OA*253*1.42*1~CAS*PR*3*20*1~REF*6R*283958091759556001~AMT*B6*90.96~SVC*HC:11102*180*102.31**1**0~DTM*472*20221007~CAS*CO*45*75.6*1~CAS*OA*253*2.09*1~REF*6R*283958091759556002~AMT*B6*104.4~SVC*HC:11103*270*152.82**3**0~DTM*472*20221007~CAS*CO*45*114.06*1~CAS*OA*253*3.12*1~REF*6R*283958091759556003~AMT*B6*155.94~CLP*12410-415199*1*180*70.33*40*16*221011256409*11~NM1*QC*1*BUTLER*HUGH E****MI*5627070~NM1*82*2*ALEXANDER BERLIN*****FI*453640448~REF*BB*58379~DTM*232*20221007~DTM*050*20221011~PER*CX**TE*8005507691~AMT*AU*110.33~SVC*HC:99203*180*70.33**1**0~DTM*472*20221007~CAS*CO*45*68.23*1~CAS*OA*253*1.44*1~CAS*PR*3*40*1~REF*6R*283958091781556001~AMT*B6*111.77~CLP*12324-415133*1*142.5*69.54*20*16*221011256853*11~NM1*QC*1*CASTILLO*ISAAC***JR*MI*0725355~NM1*82*2*ALEXANDER BERLIN*****FI*453640448~REF*BB*58379~DTM*232*20221007~DTM*050*20221011~PER*CX**TE*8005507691~AMT*AU*89.54~SVC*HC:99213*142.5*69.54**1**0~DTM*472*20221007~CAS*CO*45*51.54*1~CAS*OA*253*1.42*1~CAS*PR*3*20*1~REF*6R*283958091772556001~AMT*B6*90.96~SE*183*000000001~GE*1*208409680~IEA*1*208409680~