ISA*00*          *00*          *ZZ*133052274      *ZZ*53640448       *221019*0640*U*00401*189842749*0*P*:~GS*HP*133052274*53640448*20221019*0640*189842749*X*004010X091A1~ST*835*000000001~BPR*I*133.47*C*ACH*CCP*01*021000021*DA*0855533110*1391268299*WPSTDEFIC*01*111000614*DA*0413981452*20221020~TRN*1*2400334997*1391268299*WPSTDEFIC~REF*EV*11722~DTM*405*20221017~N1*PR*TRICARE TDEFIC~N3*PO BOX 7889~N4*MADISON*WI*53707~REF*2U*SX176~PER*CX*EDI HELPDESK*TE*8007822680~N1*PE*DFW SKIN SURGERY CENTER PLLC*XX*1972880433~N3*1115 W RANDOL MILL RD STE 200~N4*ARLINGTON*TX*76012~REF*TJ*453640448~LX*1~CLP*12312-413305*2*1165*122.16**CH*20222888111271*11~NM1*QC*1*MOORE*JO*A***MI*426764197~NM1*IL*1*MOORE*ROBERT*H***MI*426764197~REF*1H*45364044876012A001~DTM*050*20221015~PER*CX*WPS - TRICARE FOR LIFE*TE*8667730404~SVC*HC:99204:25*277.5*33.36**1~DTM*472*20220927~CAS*OA*23*244.14~REF*6R*271951381449556001~REF*HPI*1053499301~AMT*B6*164.15~LQ*HE*N23~SVC*HC:11622*400*25.57**1~DTM*472*20220927~CAS*OA*23*374.43~REF*6R*271951381449556002~REF*HPI*1053499301~AMT*B6*125.82~LQ*HE*N23~SVC*HC:12042*487.5*63.23**1~DTM*472*20220927~CAS*OA*23*424.27~REF*6R*271951381449556003~REF*HPI*1053499301~AMT*B6*311.11~LQ*HE*N23~LX*2~CLP*6515-413695*2*87*11.31**CH*20222888111272*11~NM1*QC*1*POWELL*PATRIC*L***MI*513443155~REF*1H*45364044876012A001~DTM*050*20221015~PER*CX*WPS - TRICARE FOR LIFE*TE*8667730404~SVC*HC:99212*87*11.31**1~DTM*472*20220928~CAS*OA*23*75.69~REF*6R*271951381446556001~REF*HPI*1053499301~AMT*B6*55.65~LQ*HE*N23~SE*56*000000001~GE*1*189842749~IEA*1*189842749~