ISA*00*          *00*          *ZZ*133052274      *ZZ*53640448       *221019*1116*U*00401*211406542*0*P*:~GS*HP*133052274*53640448*20221019*1116*211406542*X*004010X091A1~ST*835*000000001~BPR*I*303.82*C*ACH*CCP*01*044115126*DA*01669508612C*1341858379**01*111000614*DA*413981452*20221021~TRN*1*1055365090*1341858379~DTM*405*20221018~N1*PR*ACCENDO INSURANCE COMPANY PART OF THE CVS HEALTH~N3*PO BOX 14770~N4*LEXINGTON*KY*40512~REF*2U*62118~PER*CX*EDI SUPPORT TEAM*FX*4408355656*TE*4408353511~N1*PE*DFW SKIN SURGERY CENTER*XX*1972880433~N3*SUITE 200*1115 W. RANDOL MILL ROAD~N4*ARLINGTON*TX*76012~REF*TJ*453640448~LX*1~CLP*12237-412391*2*1495*167.98**15*188496163**1~NM1*QC*1*SPOOR*PATRICK*J***MI*ACC6233475~REF*BB*58379~DTM*232*20220920~PER*CX**TE*4408353511~AMT*AU*1007.92~SVC*HC:17311*1005*135.84**1**0~DTM*472*20220920~CAS*OA*23*869.16*1~AMT*B6*815.06~SVC*HC:12052*490*32.14**1**0~DTM*472*20220920~CAS*OA*23*457.86*1~AMT*B6*192.86~CLP*12315-412787*2*1005*135.84**15*188664665**1~NM1*QC*1*LITTLE*MARY*J***MI*ACC6223020~REF*BB*58379~DTM*232*20220922~PER*CX**TE*4408353511~AMT*AU*815.06~SVC*HC:17311*1005*135.84**1**0~DTM*472*20220922~CAS*OA*23*869.16*1~AMT*B6*815.06~SE*39*000000001~ST*835*000000002~BPR*I*11.31*C*ACH*CCP*01*044115126*DA*01669508612C*1341858379**01*111000614*DA*413981452*20221021~TRN*1*1055365091*1341858379~DTM*405*20221018~N1*PR*CAPITOL LIFE INSURANCE COMPANY~N3*PO BOX 14378~N4*LEXINGTON*KY*40512~REF*2U*62118~PER*CX*EDI SUPPORT TEAM*FX*4408355656*TE*4408353511~N1*PE*DFW SKIN SURGERY CENTER*XX*1972880433~N3*SUITE 200*1115 W. RANDOL MILL ROAD~N4*ARLINGTON*TX*76012~REF*TJ*453640448~LX*1~CLP*3059-412757*2*87*11.31**15*188713686**1~NM1*QC*1*BROADHURST*JAMES*M***MI*CAP6206896~REF*BB*58379~DTM*232*20220922~PER*CX**TE*4408353511~AMT*AU*67.87~SVC*HC:99212*87*11.31**1**0~DTM*472*20220922~CAS*OA*23*75.69*1~AMT*B6*67.87~SE*25*000000002~GE*2*211406542~IEA*1*211406542~