ISA*00*          *00*          *ZZ*133052274      *ZZ*53640448       *221019*0745*U*00401*200013057*0*P*:~GS*HP*133052274*53640448*20221019*0745*200013057*X*004010X091A1~ST*835*000000001~BPR*I*252.44*C*ACH*CCP*01*124384877*DA*1470858534*1411289245*000087726*01*111000614*DA*413981452*20221021~TRN*1*1TZ34857546*1411289245*000087726~REF*EV*B00099999800~REF*F2*1083~DTM*405*20221018~N1*PR*UNITED HEALTHCARE INSURANCE COMPANY*XV*87726~N3*9900 BREN ROAD~N4*MINNETONKA*MN*553439664~REF*2U*87726~PER*CX*ATLANTA SERVICE CENTER*TE*8778423210~N1*PE*DFW SKIN SURGERY CENTER PLLC*XX*1972880433~N3*1115 W RANDOL MILL RD SUITE 200~N4*ARLINGTON*TX*76012~REF*TJ*453640448~LX*1~TS3*1972880433*11*20221231*6*1876.5~CLP*1867-415270*1*87*50.81**13*DN80819095 0028607724*11*1~NM1*QC*1*CHICKO*ROBERT*S~NM1*IL*1*CHICKO*ROBERT*S***MI*801957297~NM1*74*1**JEREMY*J~NM1*82*1*BERLIN*ALEXANDER*L***XX*1053499301~REF*CE*CHOYC+~REF*1L*742026~DTM*232*20221010~DTM*233*20221010~DTM*050*20221011~PER*CX*BUFFALO SERVICE CENTER*TE*8778423210~AMT*AU*87~SVC*HC:99212*87*50.81**1~DTM*472*20221010~CAS*CO*45*36.19~REF*6R*283958091743556001~AMT*B6*50.81~CLP*5727-415378*1*87*0.81*50*14*DN80819097 0035388941*11*1~NM1*QC*1*EMERICK*LOWELL*P~NM1*IL*1*EMERICK*LOWELL*P***MI*954479175~NM1*82*1*BERLIN*ALEXANDER*L***XX*1053499301~REF*CE*CHOYC~REF*1L*706284~DTM*232*20221010~DTM*233*20221010~DTM*050*20221011~PER*CX*RICHARDSON/SPRGFLD SRVC CNTR*TE*8778423210~AMT*AU*87~SVC*HC:99212*87*0.81**1~DTM*472*20221010~CAS*PR*3*50~CAS*CO*45*36.19~REF*6R*283958091749556001~AMT*B6*50.81~CLP*12381-415000*1*277.5*0*183.8*14*DN80820599 0498647033*11*1~NM1*QC*1*GOOCH*GREGORY*W~NM1*IL*1*GOOCH*GREGORY*W***MI*961257526~NM1*82*1*BERLIN*ALEXANDER*L***XX*1053499301~REF*1L*9R2770~REF*CE*CHOYC~DTM*232*20221007~DTM*233*20221007~DTM*050*20221011~PER*CX*RICHARDSON/SPRGFLD SRVC CNTR*TE*8778423210~AMT*AU*277.5~SVC*HC:99204*277.5*0**1~DTM*472*20221007~CAS*CO*45*93.7~CAS*PR*1*183.8~REF*6R*283958091760556001~AMT*B6*183.8~CLP*12408-415186*1*277.5*133.8*50*14*DN80821922 0035388001*11*1~NM1*QC*1*ST CLAIR*JENNIFER*D~NM1*IL*1*ST CLAIR*JENNIFER*D***MI*965320125~NM1*82*1*BERLIN*ALEXANDER*L***XX*1053499301~REF*1L*706284~REF*CE*CHOYC~DTM*232*20221007~DTM*233*20221007~DTM*050*20221011~PER*CX*RICHARDSON/SPRGFLD SRVC CNTR*TE*8778423210~AMT*AU*277.5~SVC*HC:99204*277.5*133.8**1~DTM*472*20221007~CAS*CO*45*93.7~CAS*PR*3*50~REF*6R*283958091779556001~AMT*B6*183.8~CLP*3125-413584*2*1005*0*135.84*15*DN86068785 0083454372*11*1~NM1*QC*1*COLE*JAMES*B~NM1*IL*1*COLE*JAMES*B***MI*852955854~NM1*82*1*BERLIN*ALEXANDER*L***XX*1053499301~REF*1L*301000~REF*CE*IND~DTM*232*20220928~DTM*233*20220928~DTM*050*20221015~PER*CX*GREENSBORO SERVICE CENTER*TE*8778423210~AMT*AU*679.22~SVC*HC:17311:79*1005*0**1~DTM*472*20220928~CAS*OA*23*869.16~CAS*PR*2*135.84~REF*6R*271951380830556001~AMT*B6*679.22~CLP*11941-415767*1*142.5*67.02*16.75*13*DN92302374 0138228754*11*1~NM1*QC*1*STONE*CRAIG*S~NM1*IL*1*STONE*CRAIG*S***MI*926975228~NM1*82*1*BERLIN*ALEXANDER*L***XX*1053499301~REF*CE*CHOYC+~REF*1L*213902~DTM*232*20221013~DTM*233*20221013~DTM*050*20221014~PER*CX*GREENSBORO SERVICE CENTER*TE*8778423210~AMT*AU*142.5~SVC*HC:99213*142.5*67.02**1~DTM*472*20221013~CAS*PR*2*16.75~CAS*CO*45*58.73~REF*6R*287960388001556001~AMT*B6*83.77~SE*120*000000001~GE*1*200013057~IEA*1*200013057~