ISA*00*          *00*          *ZZ*133052274      *ZZ*53640448       *221019*1048*U*00401*211407463*0*P*:~GS*HP*133052274*53640448*20221019*1048*211407463*X*004010X091A1~ST*835*000000001~BPR*I*462.3*C*ACH*CCP*01*044115126*DA*01669508612C*1341858379**01*111000614*DA*413981452*20221021~TRN*1*1055365089*1341858379~DTM*405*20221018~N1*PR*SOUTHWESTERN HEALTH RESOURCES~N3*PO BOX 317~N4*SIDNEY*NE*69162~REF*2U*83245~PER*CX*EDI SUPPORT TEAM*FX*4408355656*TE*4408353511~N1*PE*DFW SKIN SURGERY CENTER*XX*1972880433~N3*1115 W RANDOL MILL RD*STE 200~N4*ARLINGTON*TX*76012~REF*TJ*453640448~LX*1~CLP*10023-415540*1*763.5*436.27*20*OF*NTFC03059607**1~NM1*QC*1*LEE*ARTHUR****MI*6357680~NM1*82*2*ALEXANDER LEON BERLIN*****XX*1053499301~REF*BB*58379~DTM*232*20221011~PER*CX**TE*8778467430~AMT*AU*456.27~SVC*HC:15630:58*763.5*436.27**1**0~DTM*472*20221011~CAS*CO*45*298.33*1~CAS*OA*253*8.9*1~CAS*PR*3*20*1~REF*6R*285959675520556001~AMT*B6*465.17~CLP*11765-415471*1*87*26.03*30*OF*NTFC03059608**1~NM1*QC*1*PROVENCIO*JOHN*H***MI*7798298~NM1*82*2*ALEXANDER LEON BERLIN*****XX*1053499301~REF*BB*58379~DTM*232*20221011~PER*CX**TE*8778467430~AMT*AU*56.03~SVC*HC:99212*87*26.03**1**0~DTM*472*20221011~CAS*CO*45*30.44*1~CAS*OA*253*0.53*1~CAS*PR*3*30*1~REF*6R*285959674924556001~AMT*B6*56.56~SE*43*000000001~GE*1*211407463~IEA*1*211407463~