ISA*00*          *00*          *ZZ*133052274      *ZZ*53640448       *221019*1217*U*00401*212007154*0*P*:~GS*HP*133052274*53640448*20221019*1217*212007154*X*004010X091A1~ST*835*000000001~BPR*I*1655.59*C*ACH*CCP*01*071000152*DA*31495400*1361236610**01*111000614*DA*413981452*20221020~TRN*1*C22291E18457920*1361236610*CP20221018E184579200~REF*EV*TX8355010~DTM*405*20221018~N1*PR*BLUECROSS BLUESHIELD OF TEXAS~N3*P O BOX 660044~N4*DALLAS*TX*752660044~REF*2U*BS021~PER*CX*E-COMMERCE CENTER*EM*ECOMMERCESERVICES@HCSC.NET~N1*PE*DFW SKIN SURGERY CTR PLLC*XX*1972880433~N3*1115 W RANDOL MILL RD~N4*ARLINGTON*TX*760122515~REF*TJ*453640448~LX*1~CLP*809-416198*1*2105*1655.59*50*12*0202229150S44970X00*11*1~NM1*QC*1*COSIO*STEVEN*L***MI*UTS0HH3JT8EN~NM1*IL*1*MARTINEZ-COSIO*MARIA****MI*UTS0HH3JT8EN~NM1*82*1*BERLIN*ALEXANDER*L***XX*1053499301~REF*1L*0000717780045~REF*CE*PREFERRED PROVIDER ORGANIZATIO~DTM*232*20221017~DTM*233*20221017~DTM*050*20221018~AMT*AU*1705.59~SVC*HC:17311*1005*784.55**1~DTM*472*20221017~CAS*PR*3*50~CAS*CO*45*170.45~REF*6R*290962113670556001~AMT*B6*834.55~SVC*HC:12052*490*375.94**1~DTM*472*20221017~CAS*CO*45*114.06~REF*6R*290962113670556003~AMT*B6*375.94~SVC*HC:17312*610*495.1**1~DTM*472*20221017~CAS*CO*45*114.9~REF*6R*290962113670556002~AMT*B6*495.1~LX*2~CLP*12174-416103*1*2905*0*2337.88*12*02022291509Q2520X00*11*1~NM1*QC*1*DILLON*JOHN*A***MI*C4C829046260~NM1*82*1*BERLIN*ALEXANDER*L***XX*1053499301~REF*1L*0002461910002~REF*CE*PREFERRED PROVIDER ORGANIZATIO~DTM*232*20221017~DTM*233*20221017~DTM*050*20221018~AMT*AU*2337.88~SVC*HC:15576*1290*0**1~DTM*472*20221017~CAS*PR*1*1008.23~CAS*CO*45*281.77~REF*6R*290962113352556003~AMT*B6*1008.23~SVC*HC:17311*1005*0**1~DTM*472*20221017~CAS*PR*1*834.55~CAS*CO*45*170.45~REF*6R*290962113352556001~AMT*B6*834.55~SVC*HC:17312*610*0**1~DTM*472*20221017~CAS*PR*1*495.1~CAS*CO*45*114.9~REF*6R*290962113352556002~AMT*B6*495.1~LX*3~CLP*121-415907*1*142.5*0*77.58*12*0202229150S47210X00*11*1~NM1*QC*1*JONES*HEATHER****MI*UPX826313503~NM1*74*1***E~NM1*82*1*BERLIN*ALEXANDER*L***XX*1053499301~REF*1L*0000128010001~REF*CE*PREFERRED PROVIDER ORGANIZATIO~DTM*232*20221014~DTM*233*20221014~DTM*050*20221018~AMT*AU*77.58~SVC*HC:99213*142.5*0**1~DTM*472*20221014~CAS*PR*3*77.58~CAS*CO*45*64.92~REF*6R*290962113680556001~AMT*B6*77.58~LX*4~CLP*12318-413870*1*180*0*96.23*12*0202227450S71100X00*11*1~NM1*QC*1*MARTINEZ*JAIRO****MI*AMK603879026~NM1*74*1******C*AMK60387902601~NM1*82*1*QUINN*JENNIFER*M***XX*1366768079~REF*1L*000ZGPPOX0000~REF*CE*PREFERRED PROVIDER ORGANIZATIO~DTM*232*20220929~DTM*233*20220929~DTM*050*20221001~AMT*AU*96.23~SVC*HC:99203*180*0**1~DTM*472*20220929~CAS*PR*1*66.23**2*30~CAS*CO*45*83.77~REF*6R*273952833339556001~AMT*B6*96.23~SE*104*000000001~GE*1*212007154~IEA*1*212007154~