ISA*00*          *00*          *ZZ*133052274      *ZZ*53640448       *221019*0152*U*00401*171207736*0*P*:~GS*HP*133052274*53640448*20221019*0152*171207736*X*004010X091A1~ST*835*000000001~BPR*I*907.65*C*ACH*CCP*01*081517693*DA*152302017594*1205296137**01*111000614*DA*413981452*20221019~TRN*1*811467789*1205296137~REF*EV*E00199~DTM*405*20221018~N1*PR*NOVITAS SOLUTIONS INC.~N3*PO BOX 3110~N4*MECHANICSBURG*PA*170551826~REF*2U*MR005~PER*CX**TE*8552528782~N1*PE*DFW SKIN SURGERY CENTER PLLC*XX*1972880433~N3*STE 200*1115 W RANDOL MILL RD~N4*ARLINGTON*TX*760122577~REF*TJ*453640448~LX*1~CLP*12123-414367*19*87*44.34*11.31*MB*2922277527520*11*1~NM1*QC*1*BOWERS*WAYNE*E***MI*4K70AF5MX04~NM1*82*1******XX*1053499301~NM1*TT*2*AMERICAN CONTINENTAL INSU.*****PI*30074~MOA***MA01*MA18~DTM*050*20221004~SVC*HC:99212*87*44.34**1~DTM*472*20221003~CAS*CO*45*30.44**253*0.91~CAS*PR*2*11.31~REF*LU*11~REF*6R*276954047043556001~AMT*B6*56.56~CLP*12254-414329*19*1785*730.29*186.3*MB*2922277527590*11*1~NM1*QC*1*DOVE*ROBERT*M***MI*4TQ6GJ4XP72~NM1*82*1******XX*1053499301~NM1*TT*2*TRANSAMERICA PREMIER LIFE INS*****PI*30006~MOA***MA01*MA18~DTM*050*20221004~SVC*HC:17311*1005*532.51**1~DTM*472*20221003~CAS*CO*45*325.78**253*10.87~CAS*PR*2*135.84~REF*LU*11~REF*6R*276954046939556001~AMT*B6*679.22~SVC*HC:13152:51*780*197.78**1*HC:13152~DTM*472*20221003~CAS*CO*45*275.45**253*4.04**59*252.27~CAS*PR*2*50.46~REF*LU*11~REF*6R*276954046939556002~AMT*B6*252.28~CLP*11662-414386*19*87*44.34*11.31*MB*2922277527580*11*1~NM1*QC*1*MCKNIGHT*JOHNNY*F***MI*9E60AE7CG39~NM1*82*1******XX*1053499301~NM1*TT*2*UNITEDHEALTH GROUP*****PI*30002~MOA***MA01*MA18~DTM*050*20221004~SVC*HC:99212*87*44.34**1~DTM*472*20221003~CAS*CO*45*30.44**253*0.91~CAS*PR*2*11.31~REF*LU*11~REF*6R*276954046942556001~AMT*B6*56.56~CLP*11200-414385*19*87*44.34*11.31*MB*2922277527510*11*1~NM1*QC*1*MILLS*JAMES*R***MI*7XD0PE7GT25~NM1*82*1******XX*1053499301~NM1*TT*2*HCSC-BCBS OF TEXAS-STD A & B*****PI*30028~MOA***MA01*MA18~DTM*050*20221004~SVC*HC:99212*87*44.34**1~DTM*472*20221003~CAS*CO*45*30.44**253*0.91~CAS*PR*2*11.31~REF*LU*11~REF*6R*276954046941556001~AMT*B6*56.56~CLP*11855-414427*19*87*44.34*11.31*MB*2922277527560*11*1~NM1*QC*1*NEWTON*DIANE*M***MI*2RP5EC7FW97~NM1*82*1******XX*1053499301~NM1*TT*2*HCSC-BCBS OF TEXAS-STD A & B*****PI*30028~MOA***MA01*MA18~DTM*050*20221004~SVC*HC:99212*87*44.34**1~DTM*472*20221003~CAS*CO*45*30.44**253*0.91~CAS*PR*2*11.31~REF*LU*11~REF*6R*276954046946556001~AMT*B6*56.56~SE*88*000000001~GE*1*171207736~IEA*1*171207736~